@INPROCEEDINGS{keshavarz2011, 
author={Keshavarz, A. and Yang Wang and Boyd, S.}, 
booktitle={Intelligent Control (ISIC), 2011 IEEE International Symposium on}, 
title={Imputing a convex objective function}, 
year={2011}, 
month={Sept}, 
pages={613-619}, 
keywords={convex programming;consumer utility function;control problem;convex objective function;cost function;flow network;optimizing process;parametric optimization problem;purchasing choices;value function;Convex functions;Cost function;Dynamic programming;Heuristic algorithms;Process control;Stochastic processes}, 
doi={10.1109/ISIC.2011.6045410}, 
ISSN={2158-9860},}